% Encoding: UTF-8
@INPROCEEDINGS{Dowling2018,
title={Accurate indoor mapping using an autonomous unmanned
aerial vehicle},
author={Dowling, L. and Poblete, T. and Hook, I. and Tang, H. and Tan, Y. and Glenn, W. and Unnithan, R.},
year={2018},
month={July},
volume={},
number={},
keywords={ indoor mapping, autonomous navigation},
doi={},
ISSN={0193-6530 }, }

@INPROCEEDINGS{OrbSlam1,
title={ORB-SLAM: a Versatile and Accurate Monocular SLAM System},
author={Mur-artal, R. and Juan, T. and Montiel, J.},
year={2015},
month={October},
volume={},
number={},
pages={},
doi={10.1109/TRO.2015.2463671},
ISSN={}, }

@INPROCEEDINGS{OrbSlam2,
title={ORB-SLAM2: an Open-Source SLAM System for Monocular, Stereo and RGB-D Cameras},
author={Mur-artal, R. and Tardos, J.},
year={2017},
month={},
volume={},
number={},
pages={},
doi={10.1109/TRO.2017.2705103},
ISSN={}, }

@INPROCEEDINGS{RPiMavlink2019,
title={Communicating with Raspberry Pi via MAVLink},
author={Al-Kadhim, S.},
year={2019},
month={January},
volume={},
number={},
pages={},
doi={10.2139/ssrn.3318130},
ISSN={}, }

@MISC{MultiwiiFC,
author={Electronoobs},
title={Arduino MultiWii Flight Controller},
month={April},
year={2017},
howpublished={\url{http://www.electronoobs.com/eng_robotica_tut5_3.php}}
}

@MISC{Redtail2017,
author={Smolyanskiy, N. and Kamenev, A. and Smith, J.},
title={Project Redtail},
month={May},
year={2017},
howpublished={\url{https://github.com/NVIDIA-AI-IOT/redtail}}
}

@INPROCEEDINGS{Tuning2017,
title={Implementation of system identification and flight control
system for UAV},
booktitle={2017 3rd International Conference on Control, Automation and Robotics
(ICCAR)},
author={Saengphet, W. and Tantrairatn, S. and Thumtae, C. and Srisertpol, J.},
year={2017},
month={January},
volume={},
number={},
pages={678--683},
doi={},
ISSN={}, }

@INPROCEEDINGS{FastSlam2,
title={An intelligible implementation of FastSLAM2.0 on a low-power embedded architecture},
author={Serrata, A. and Yang, S. and Li, R.},
year={2017},
month={March},
volume={},
number={},
doi={10.1186/s13639-017-0075-9},
ISSN={}, }

@INPROCEEDINGS{SVO2017,
title={SVO: Semi-Direct Visual Odometry for Monocular and Multi-Camera Systems},
author={Firster, C. and Zhang, Z. and Gassner, M. and Werlberger, M. and Scaramuzza, D.},
year={2017},
month={},
volume={},
number={},
howpublished={\url{http://rpg.ifi.uzh.ch/svo2.html}},
ISSN={}, }