% Encoding: UTF-8
@INPROCEEDINGS{Dowling2018,
title={Accurate indoor mapping using an autonomous unmanned
aerial vehicle},
author={Dowling, L. and Poblete, T. and Hook, I. and Tang, H. and Tan, Y. and Glenn, W. and Unnithan, R.},
year={2018},
month={July},
volume={},
number={},
keywords={ indoor mapping, autonomous navigation},
doi={},
ISSN={0193-6530 }, }

@INPROCEEDINGS{RPiMavlink2019,
title={Communicating with Raspberry Pi via MAVLink},
author={Al-Kadhim, S.},
year={2019},
month={January},
volume={},
number={},
pages={},
doi={10.2139/ssrn.3318130},
ISSN={}, }

@MISC{MultiwiiFC,
author={Electronoobs},
title={Arduino MultiWii Flight Controller},
month={April},
year={2017},
howpublished={\url{http://www.electronoobs.com/eng_robotica_tut5_3.php}}
}

@MISC{Redtail2017,
author={Smolyanskiy, N. and Kamenev, A. and Smith, J.},
title={Project Redtail},
month={May},
year={2017},
howpublished={\url{https://github.com/NVIDIA-AI-IOT/redtail}}
}

@INPROCEEDINGS{Tuning2017,
title={Implementation of system identification and flight control
system for UAV},
booktitle={2017 3rd International Conference on Control, Automation and Robotics (ICCAR)},
author={Saengphet, W. and Tantrairatn, S. and Thumtae, C. and Srisertpol, J.},
year={2017},
month={January},
volume={},
number={},
pages={678--683},
doi={},
ISSN={}, }

@INPROCEEDINGS{ICNSC2010,
title={Simultaneous localization and mapping (SLAM) for indoor autonomous mobile robot navigation in wireless sensor networks},
booktitle={2010 International Conference on Networking, Sensing and Control (ICNSC)},
author={Kuai, X. and Yang, K. and Fu, S. and Zheng, R. and Yang, G.},
year={2010},
month={},
volume={},
number={},
pages={128-132},
doi={},
ISSN={}, }

@INPROCEEDINGS{AutoFunc,
title={Heuristic approaches in robot path planning: A survey},
booktitle={Robotics and Autonomous Systems, vol. 86},
author={Mac, T. T. and Copot, C. and Tran, D. T. and De Keyser, R.},
year={2016},
month={},
volume={},
number={},
pages={13-28},
doi={},
ISSN={}, }

@article{fcDesign2019,
author = {Sigalos, Athanasios and Papoutsidakis, Michail and Chatzopoulos, Abraham and Piromalis, Dimitrios},
year = {2019},
month = {09},
pages = {463-470},
title = {DESIGN OF A FLIGHT CONTROLLER AND PERIPHERALS FOR A QUADCOPTER},
volume = {4},
journal = {International Journal of Engineering Applied Sciences and Technology},
doi = {10.33564/IJEAST.2019.v04i05.067}
}

@INPROCEEDINGS{zimmerman2016,
title={Flight Control and Hardware Design of MultiRotor Systems},
booktitle={Robotics and Autonomous Systems, vol. 86},
author={Zimmerman, N.},
year={2016},
month={August},
volume={},
number={},
pages={13-28},
doi={},
howpublished={\url{http://epublications.marquette.edu/theses_open/370}},
ISSN={}, }

@INPROCEEDINGS{diosa2020,
title={Design and Fabrication of a Rotary Wing UAV Using Low-Cost Materials},
author={de la Pena Jr., F. and Pechardo, J.},
year={},
month={},
volume={},
number={},
pages={2-5},
doi={},
howpublished={\url{http://epublications.marquette.edu/theses_open/370}},
ISSN={}, }

@MISC{Navio2,
title={Navio2},
author={Emlid},
year={},
month={},
volume={},
number={},
pages={},
doi={},
howpublished={\url{https://docs.emlid.com/navio2/}},
ISSN={}, }

@MISC{AirPy,
title={AirPy: Py-Board Based Flight Controller},
author={Scimia, F. and Maugeri, C.},
year={},
month={},
volume={},
number={},
pages={},
doi={},
howpublished={\url{http://www.air-py.com/}},
ISSN={}, }

@INPROCEEDINGS{LiPoly,
title={Lithium Batteries: Advanced Technologies and Applications},
author={Scrosati, B. and Abraham, K. M. and Schalkwijk, W. and Hassoun, J.},
year={2013},
month={},
volume={},
number={},
pages={44},
doi={},
ISBN={1118615395}}

@MISC{ROSNoetic,
title={ROS Noetic Ninjemys},
author={Open Robotics},
year={},
month={},
volume={},
number={},
pages={},
doi={},
howpublished={\url{http://wiki.ros.org/noetic}},
ISSN={}, }

@MISC{EDWNrf24,
title={NRF24L01+ with PA 2.4GHz Transceiver Module},
author={EDW},
year={},
month={},
volume={},
number={},
pages={},
doi={},
howpublished={\url{https://www.elecdesignworks.com/shop/prod0297/}},
ISSN={}, }

@MISC{EDWGPS,
title={UBLOX NEO-6M GPS Module},
author={EDW},
year={},
month={},
volume={},
number={},
pages={},
doi={},
howpublished={\url{https://www.elecdesignworks.com/shop/prod0170/}},
ISSN={}, }

@MISC{EDWIMU,
title={MPU6050+HMC5883L+BMP180 Gyro/Magnetometer/Accelerometer/Altimeter Sensor Module},
author={EDW},
year={},
month={},
volume={},
number={},
pages={},
doi={},
howpublished={\url{https://www.elecdesignworks.com/shop/prod0314/}},
ISSN={}, }